@misc{yang2023appagent,
      title={AppAgent: Multimodal Agents as Smartphone Users}, 
      author={Chi Zhang and Zhao Yang and Jiaxuan Liu and Yucheng Han and Xin Chen and Zebiao Huang and Bin Fu and Gang Yu},
      year={2023},
      eprint={2312.13771},
      archivePrefix={arXiv},
      primaryClass={cs.CV}
}

@inproceedings{hong2024cogagent,
  title={Cogagent: A visual language model for gui agents},
  author={Hong, Wenyi and Wang, Weihan and Lv, Qingsong and Xu, Jiazheng and Yu, Wenmeng and Ji, Junhui and Wang, Yan and Wang, Zihan and Dong, Yuxiao and Ding, Ming and others},
  booktitle={Proceedings of the IEEE/CVF Conference on Computer Vision and Pattern Recognition},
  pages={14281--14290},
  year={2024}
}

@inproceedings{azim2013targeted,
  title={Targeted and depth-first exploration for systematic testing of android apps},
  author={Azim, Tanzirul and Neamtiu, Iulian},
  booktitle={Proceedings of the 2013 ACM SIGPLAN international conference on Object oriented programming systems languages \& applications},
  pages={641--660},
  year={2013}
}
@inproceedings{amalfitano2012using,
  title={Using GUI ripping for automated testing of Android applications},
  author={Amalfitano, Domenico and Fasolino, Anna Rita and Tramontana, Porfirio and De Carmine, Salvatore and Memon, Atif M},
  booktitle={Proceedings of the 27th IEEE/ACM International Conference on Automated Software Engineering},
  pages={258--261},
  year={2012}
}
@inproceedings{li2019humanoid,
  title={Humanoid: A deep learning-based approach to automated black-box android app testing},
  author={Li, Yuanchun and Yang, Ziyue and Guo, Yao and Chen, Xiangqun},
  booktitle={2019 34th IEEE/ACM International Conference on Automated Software Engineering (ASE)},
  pages={1070--1073},
  year={2019},
  organization={IEEE}
}
@article{choi2013guided,
  title={Guided gui testing of android apps with minimal restart and approximate learning},
  author={Choi, Wontae and Necula, George and Sen, Koushik},
  journal={Acm Sigplan Notices},
  volume={48},
  number={10},
  pages={623--640},
  year={2013},
  publisher={ACM New York, NY, USA}
}
@article{amalfitano2014mobiguitar,
  title={MobiGUITAR: Automated model-based testing of mobile apps},
  author={Amalfitano, Domenico and Fasolino, Anna Rita and Tramontana, Porfirio and Ta, Bryan Dzung and Memon, Atif M},
  journal={IEEE software},
  volume={32},
  number={5},
  pages={53--59},
  year={2014},
  publisher={IEEE}
}
@article{zhang2024large,
  title={Large language model-brained gui agents: A survey},
  author={Zhang, Chaoyun and He, Shilin and Qian, Jiaxu and Li, Bowen and Li, Liqun and Qin, Si and Kang, Yu and Ma, Minghua and Liu, Guyue and Lin, Qingwei and others},
  journal={arXiv preprint arXiv:2411.18279},
  year={2024}
}
@article{romdhana2022deep,
  title={Deep reinforcement learning for black-box testing of android apps},
  author={Romdhana, Andrea and Merlo, Alessio and Ceccato, Mariano and Tonella, Paolo},
  journal={ACM Transactions on Software Engineering and Methodology (TOSEM)},
  volume={31},
  number={4},
  pages={1--29},
  year={2022},
  publisher={ACM New York, NY}
}
@inproceedings{mao2016sapienz,
  title={Sapienz: Multi-objective automated testing for android applications},
  author={Mao, Ke and Harman, Mark and Jia, Yue},
  booktitle={Proceedings of the 25th international symposium on software testing and analysis},
  pages={94--105},
  year={2016}
}
@inproceedings{zhang2023scene,
  title={Scene-driven exploration and GUI modeling for android apps},
  author={Zhang, Xiangyu and Fan, Lingling and Chen, Sen and Su, Yucheng and Li, Boyuan},
  booktitle={2023 38th IEEE/ACM International Conference on Automated Software Engineering (ASE)},
  pages={1251--1262},
  year={2023},
  organization={IEEE}
}
@inproceedings{su2017guided,
  title={Guided, stochastic model-based GUI testing of Android apps},
  author={Su, Ting and Meng, Guozhu and Chen, Yuting and Wu, Ke and Yang, Weiming and Yao, Yao and Pu, Geguang and Liu, Yang and Su, Zhendong},
  booktitle={Proceedings of the 2017 11th joint meeting on foundations of software engineering},
  pages={245--256},
  year={2017}
}
@inproceedings{yurascanner,
  title = {{YuraScanner}: Leveraging LLMs for Task-driven Web App Scanning},
  author = {Aleksei Stafeev and Tim Recktenwald and Gianluca De Stefano and Soheil Khodayari and Giancarlo Pellegrino},
  booktitle = {32nd Annual Network and Distributed System Security Symposium, {NDSS}, 2025, San Diego, California, USA, February 24-28, 2025},
  year = {2025},
  doi = {10.14722/ndss.2025.240388},
  url = {https://dx.doi.org/10.14722/ndss.2025.240388},
  publisher = {The Internet Society},
}
